

@Article{Kul10,
author = {Kulczycki, P. and Charatynowicz, A.},
title = {A Complete Gradient Clustering Algorithm Formed with Kernel Estimators},
journal = {International Journal of Applied Mathematics and Computer Science},
year = {2010},
volume = {20},
number = {1},
pages = {123-134}
}

@Article{Kul12,
author = {Kulczycki, P. and Charatynowicz, A. and Kowalski, P.A. and Łukasik, S.},
title = {The Complete Gradient Clustering Algorithm: Properties in Practical Applications},
journal = {Journal of Applied Statistics},
year = {2012},
volume = {39},
number = {6},
pages = {1211-1224}
}


@Book{Kul05,
author = {Kulczycki, P.},
title = {Estymatory jądrowe w analizie systemowej},
publisher = {WNT},
year = {2005},
address = {Warszawa}
}

@Article{Dri32,
author = {Driver, H. and Kroeber, A.},
title = {Quantitative Expression of Cultural Relationships},
journal = {University of California Publications in American Archaeology and Ethnology},
year = {1932},
volume = {Quantitative Expression of Cultural Relationships},
pages = {211-256}
}

@Article{Mac67,
author = {MacQueen, J.},
title = {Some methods for classification and analysis of multivariate observations},
journal = {Proceedings of 5th Berkeley Symposium on Mathematical Statistics and Probability},
year = {1967},
volume = {1},
pages = {281-297}
}

@InProceedings{Est96,
author = {Ester, M. and Kriegel, H. and Sander, J. and Xu, X.},
title = {A density-based algorithm for discovering clusters in large spatial databases with noise},
year = {1996},
pages = {226--231},
publisher = {AAAI Press}
}

@Article{Sch17,
author = {Schubert, E. and Sander, J. and Ester, M. and Hans, P. and Xu, X.},
title = {DBSCAN Revisited, Revisited: Why and How You Should (Still) Use DBSCAN},
journal = {ACM transactions on database systems 42},
year = {2017},
volume = {3},
pages = {19:1-19:21}
}

@Misc{Luk,
author = {Łukasik, S.},
title = {Analiza skupień}
}

@Misc{Fra,
author = {Franus, K.},
title = {Nieparametryczne procedury klasteryzacji, klasyfikacji i identyfikacji elementów nietypowych dla przypadku warunkowego}
}

@Misc{Mix16,
author = {Harris, M},
title = {Mixed-Precision Programming with CUDA 8},
howpublished = "\url{https://devblogs.nvidia.com/mixed-precision-programming-cuda-8/}",
year = {2016},
note = "[Online; accessed 17-03-2019]"
}

@Misc{CppRefAsync,
title = {std::async},
howpublished = "\url{https://en.cppreference.com/w/cpp/thread/async}",
note = "[Online; accessed 26-05-2019]"
}

@Misc{Sha13,
author = {Harris, M},
title = {Using Shared Memory in CUDA C/C++},
howpublished = "\url{https://devblogs.nvidia.com/using-shared-memory-cuda-cc/}",
year = {2013},
note = "[Online; accessed 17-03-2019]"
}

@Article{DB79,
author = {Davies, D.L. and Bouldin, D.},
year = {1979},
month = {05},
pages = {224 - 227},
title = {A Cluster Separation Measure},
volume = {PAMI-1},
journal = {Pattern Analysis and Machine Intelligence, IEEE Transactions on},
doi = {10.1109/TPAMI.1979.4766909}
}

@Article{Dunn73,
author = {Dunn, J.C.},
year = {1973},
month = {11},
pages = {32-57},
title = {A fuzzy relative of the ISODATA Process and Its Use in Detecting Compact Well-Separated Clusters},
volume = {3},
journal = {Cybernetics and Systems},
doi = {10.1080/01969727308546046}
}

@Book{Lam92,
author = {Lamport, L.},
title = {LaTeX system przygotowywania dokumentów},
publisher = {Wydawnictwo Ariel},
year = {1992},
address = {Krakow}
}

@Book{Dil00,
author = {Diller, A.},
title = {LaTeX wiersz po wierszu},
publisher = {Wydawnictwo Helion},
year = {2000},
address = {Gliwice}
}

@Manual{ARM06,
title = {Ada Reference Manual {ISO}/{IEC} 8652:200y({E}) {E}d. 3},
organization = {Ada Europe},
year = {2006}
}

@Article{BuDo03,
author = {Burns, A. and Dobbing, B.},
title = {The {R}avenscar {P}rofile for Real--Time and High Integrity Systems},
journal = {Cross{T}alk},
year = {2003},
volume = {16},
number = {11},
pages = {9-12}
}

@InProceedings{PeDa04,
author = {Peleska, J. and Große, D. and Haxthausen, A. E. and Drechsler, R.},
title = {Automated Verification for Train Control Systems},
booktitle = {Proc. of the 5th Symposium on Formal Methods for Automation and Safety in Railway and Automotive Systems (FORMS/FORMAT 2004)},
year = {2004},
pages = {252-265},
address = {Braunschweig, Germany},
month = {December}
}

@TechReport{BuDoVa03,
author = {Burns, A. and Dobbing, B. and Vardanega, T.},
title = {Guide for the Use of the Ada Ravenscar Profile in High Integrity Systems},
institution = {University of York},
year = {2003},
number = {YCS-2003-348}
}

@manual{Alvis2011,
	organization = {AGH University of Science and Technology},
	year = {2011},
	title = {{On Line Alvis Manual}},
	note = {\\\texttt{http://fm.ia.agh.edu.pl/alvis:manual}},
	author = {Szpyrka, M.}
}
